<?xml version="1.0" encoding="UTF-8"?><collection xmlns="http://www.loc.gov/MARC21/slim"><record><leader>00539nam--2200193-i-4500</leader><controlfield tag="001">000039969</controlfield><controlfield tag="002">20161230</controlfield><controlfield tag="005">20161230201042</controlfield><controlfield tag="008">060222s1000------------r-----000-0-eng-d</controlfield><datafield ind1=" " ind2=" " tag="020"><subfield code="a">0471748358</subfield></datafield><datafield ind1=" " ind2=" " tag="040"><subfield code="a">IFIN-HH</subfield></datafield><datafield ind1=" " ind2=" " tag="080"><subfield code="a">537.311.322:536.5</subfield></datafield><datafield ind1="1" ind2=" " tag="100"><subfield code="a">Sachse,Herbert B</subfield></datafield><datafield ind1="1" ind2="0" tag="245"><subfield code="a">Semiconducting temperature sensors and their applications</subfield><subfield code="c">Herbert b. sachse</subfield></datafield><datafield ind1=" " ind2=" " tag="260"><subfield code="a">New York</subfield><subfield code="b">John Wiley &amp; Sons,Inc</subfield><subfield code="c">1975</subfield></datafield><datafield ind1=" " ind2=" " tag="300"><subfield code="a">380 P</subfield></datafield><datafield ind1=" " ind2="4" tag="650"><subfield code="a">Semiconductors</subfield></datafield><datafield ind1=" " ind2=" " tag="852"><subfield code="a">45138</subfield><subfield code="c">537.311.33</subfield></datafield><datafield ind1=" " ind2=" " tag="CAT"><subfield code="a">Sys</subfield><subfield code="c">20110725</subfield><subfield code="h">091926</subfield></datafield></record></collection>